<?xml version="1.0" encoding="UTF-8"?><collection xmlns="http://www.loc.gov/MARC21/slim"><record><leader>00587nam--2200205-i-4500</leader><controlfield tag="001">000002654</controlfield><controlfield tag="002">20161230</controlfield><controlfield tag="005">20161230201025</controlfield><controlfield tag="008">060222s1000------------r-----000-0-eng-d</controlfield><datafield ind1=" " ind2=" " tag="020"><subfield code="a">3540592512</subfield></datafield><datafield ind1=" " ind2=" " tag="040"><subfield code="a">IFIN-HH</subfield></datafield><datafield ind1=" " ind2=" " tag="080"><subfield code="a">548</subfield></datafield><datafield ind1="1" ind2=" " tag="100"><subfield code="a">Axel, Francoise</subfield></datafield><datafield ind1="1" ind2="0" tag="245"><subfield code="a">Beyond quasicrystals</subfield><subfield code="b">Les houches, march 7-18, 1994</subfield><subfield code="c">Francoise axel? denis gratias (eds.)</subfield></datafield><datafield ind1=" " ind2=" " tag="260"><subfield code="a">Berlin</subfield><subfield code="b">Springer-verlag</subfield><subfield code="c">1995</subfield></datafield><datafield ind1=" " ind2=" " tag="300"><subfield code="a">XVI + 619 P</subfield></datafield><datafield ind1=" " ind2=" " tag="490"><subfield code="a">Centre De Physique Les Houches</subfield><subfield code="v">Vol. 3</subfield></datafield><datafield ind1=" " ind2=" " tag="700"><subfield code="a">Gratias, Denis</subfield><subfield code="e">Ed</subfield></datafield><datafield ind1=" " ind2=" " tag="852"><subfield code="a">80580</subfield><subfield code="c">548</subfield></datafield><datafield ind1=" " ind2=" " tag="CAT"><subfield code="a">Sys</subfield><subfield code="c">20110407</subfield><subfield code="h">093243</subfield></datafield></record></collection>